<record><leader>00000cas a22000007a 4500</leader><controlfield tag="001">14814316</controlfield><controlfield tag="008">861121d1947194uinuwr ne      0    0eng d</controlfield><datafield ind1=" " ind2=" " tag="010"><subfield code="a">sn 86059065 </subfield></datafield><datafield ind1=" " ind2=" " tag="040"><subfield code="a">NPI</subfield><subfield code="b">eng</subfield><subfield code="c">NPI</subfield><subfield code="d">OCLCQ</subfield></datafield><datafield ind1=" " ind2=" " tag="042"><subfield code="a">msc</subfield></datafield><datafield ind1="0" ind2="0" tag="245"><subfield code="a">Sullivan County sportscope.</subfield></datafield><datafield ind1=" " ind2=" " tag="260"><subfield code="a">Farmersburg, Sullivan County, Ind. :</subfield><subfield code="b">Jack Jewett,</subfield><subfield code="c">1947-</subfield></datafield><datafield ind1=" " ind2=" " tag="310"><subfield code="a">Weekly</subfield></datafield><datafield ind1="0" ind2=" " tag="362"><subfield code="a">Vol. 1, no. 1 (Sept. 13, 1947)-</subfield></datafield><datafield ind1=" " ind2=" " tag="752"><subfield code="a">United States</subfield><subfield code="b">Indiana</subfield><subfield code="c">Sullivan</subfield><subfield code="d">Farmersburg.</subfield></datafield><datafield ind1="0" ind2="4" tag="785"><subfield code="t">Farmersburg news</subfield><subfield code="w">(DLC)sn 86059068</subfield></datafield></record>